% example citation
% article{PhysRev.21.483,
%   title = {A Quantum Theory of the Scattering of X-rays by Light Elements},
%   author = {Compton, Arthur H.},
%   journal = {Phys. Rev.},
%   volume = {21},
%   issue = {5},
%   pages = {483--502},
%   numpages = {0},
%   year = {1923},
%   month = {May},
%   publisher = {American Physical Society},
%   doi = {10.1103/PhysRev.21.483},
%   url = {https://link.aps.org/doi/10.1103/PhysRev.21.483}
% }

@BOOK{White2001-jq,
  title     = "Experimental techniques in low-temperature physics",
  author    = "White, Guy K and Meeson, Philip",
  publisher = "Oxford University Press",
  series    = "Monographs on the Physics and Chemistry of Materials",
  month     =  jul,
  year      =  2001,
  address   = "London, England",
  language  = "en"
}

@book{ZimanEP,
  title={Electrons and Phonons: The Theory of Transport Phenomena in Solids},
  author={J. Ziman},
  year={2001},
  publisher={NA},
  url={https://api.semanticscholar.org/CorpusID:94493724}
}

@article{cernRRR,
author = {Apollonio, Andrea and Schmidt, Rüdiger and Verweij, A and Solfaroli, M and Koratzinos, Michael},
year = {2012},
month = {02},
pages = {},
journal = {},
title = {Measurement of the Residual Resistivity Ratio of the busbars copper stabilizer of the 13kA circuits of the LHC}
}

@manual{manuel,
    author = {Advanced Lab
Washington University},
    title = {Low Temperature Experiment Manual},
    publisher = {},
    year = {2023}  
}

@book{Kittle,
  title={Introduction to Solid State Physics},
  author={C. Kittel},
  year={1953},
  publisher={John Wiley and Sons},
}

@article{superlist,
  title = {Superconductivity},
  volume = {35},
  ISSN = {0034-6861},
  url = {http://dx.doi.org/10.1103/RevModPhys.35.1},
  DOI = {10.1103/revmodphys.35.1},
  number = {1},
  journal = {Reviews of Modern Physics},
  publisher = {American Physical Society (APS)},
  author = {Matthias,  B. T. and Geballe,  T. H. and Compton,  V. B.},
  year = {1963},
  month = jan,
  pages = {1–22}
}