@article{Goldberg_1991, 
title={What every computer scientist should know about floating-point arithmetic}, 
volume={23}, DOI={10.1145/103162.103163}, journal={ACM Computing Surveys}, 
author={Goldberg, David}, 
year={1991}, 
month={Mar}, 
pages={5â€“48}} 

@ARTICLE{8766229,
  author={},
  journal={IEEE Std 754-2019 (Revision of IEEE 754-2008)}, 
  title={IEEE Standard for Floating-Point Arithmetic}, 
  year={2019},
  pages={1-84},
  keywords={IEEE Standards;Floating-point arithmetic;arithmetic;binary;computer;decimal;exponent;floating-point;format;IEEE 754;interchange;NaN;number;rounding;significand;subnormal.},
  doi={10.1109/IEEESTD.2019.8766229}}