@book{Butz2015,
  title = {Fourier Transformation for Pedestrians},
  ISBN = {9783319169859},
  ISSN = {2192-4805},
  url = {http://dx.doi.org/10.1007/978-3-319-16985-9},
  DOI = {10.1007/978-3-319-16985-9},
  journal = {Undergraduate Lecture Notes in Physics},
  publisher = {Springer International Publishing},
  author = {Butz,  Tilman},
  year = {2015}
}

@book{James2011,
  title = {A Student’s Guide to Fourier Transforms: With Applications in Physics and Engineering},
  ISBN = {9780511762307},
  url = {http://dx.doi.org/10.1017/CBO9780511762307},
  DOI = {10.1017/cbo9780511762307},
  publisher = {Cambridge University Press},
  author = {James,  J. F.},
  year = {2011},
  month = mar 
}

@book{fouriermethods,
  author = {TeachSpin},
  title = {Fourier Methods Manual},
  year = {n.d.},
  publisher = {TeachSpin}
}

// Fast fourier transform
@ARTICLE{FFT,
  author={Cochran, W.T. and Cooley, J.W. and Favin, D.L. and Helms, H.D. and Kaenel, R.A. and Lang, W.W. and Maling, G.C. and Nelson, D.E. and Rader, C.M. and Welch, P.D.},
  journal={Proceedings of the IEEE}, 
  title={What is the fast Fourier transform?}, 
  year={1967},
  volume={55},
  number={10},
  pages={1664-1674},
  keywords={Fast Fourier transforms;Discrete Fourier transforms;Fourier transforms;Digital filters;Telephony;Signal analysis;Computational modeling;Analytical models;Laboratories;Time series analysis},
  doi={10.1109/PROC.1967.5957}}


// FFT - "This is the most important numerical algoritm of our lifetime"
@article{strang,
 ISSN = {00030996},
 URL = {http://www.jstor.org/stable/29775194},
 author = {Gilbert Strang},
 journal = {American Scientist},
 number = {3},
 pages = {250--255},
 publisher = {Sigma Xi, The Scientific Research Society},
 title = {Wavelets},
 urldate = {2024-09-23},
 volume = {82},
 year = {1994}
}

@misc{cernweb,
  author = {CERN},
  title = {The birth of the web},
  url = {https://home.cern/science/computing/birth-web},
  year = {n.d.},
}

@article{Cornell2000,
  title = {Versatile pulsed NMR system and experiments for students},
  volume = {12},
  ISSN = {1099-0534},
  url = {http://dx.doi.org/10.1002/1099-0534(2000)12:5<257::AID-CMR1>3.0.CO;2-A},
  DOI = {10.1002/1099-0534(2000)12:5<257::aid-cmr1>3.0.co;2-a},
  number = {5},
  journal = {Concepts in Magnetic Resonance},
  publisher = {Wiley},
  author = {Cornell,  David A. and Clewett,  Catherine F. M. and Conradi,  Mark S.},
  year = {2000},
  pages = {257–268}
}